<?xml version="1.0" encoding="UTF-8"?><collection xmlns="http://www.loc.gov/MARC21/slim"><record><leader>00478nam--2200193-i-4500</leader><controlfield tag="001">000023902</controlfield><controlfield tag="002">20161230</controlfield><controlfield tag="005">20170111234523</controlfield><controlfield tag="008">060222s1000------------r-----000-0-rum-d</controlfield><datafield ind1=" " ind2=" " tag="040"><subfield code="a">IFIN-HH</subfield></datafield><datafield ind1=" " ind2=" " tag="041"><subfield code="a">rum</subfield></datafield><datafield ind1=" " ind2=" " tag="080"><subfield code="a">531.001(075.8)</subfield></datafield><datafield ind1="1" ind2=" " tag="100"><subfield code="a">Iacob, Caius</subfield></datafield><datafield ind1="1" ind2="0" tag="245"><subfield code="a">Mecanica teoretica</subfield><subfield code="c">Caius Iacob</subfield></datafield><datafield ind1=" " ind2=" " tag="250"><subfield code="a">Editia A 2-a</subfield></datafield><datafield ind1=" " ind2=" " tag="260"><subfield code="a">Bucuresti</subfield><subfield code="b">Ed. Didactica Si Pedagogica</subfield><subfield code="c">1980</subfield></datafield><datafield ind1=" " ind2=" " tag="300"><subfield code="a">707 p</subfield></datafield><datafield ind1=" " ind2=" " tag="852"><subfield code="a">47937</subfield><subfield code="c">531</subfield></datafield><datafield ind1=" " ind2=" " tag="CAT"><subfield code="a">SYS</subfield><subfield code="c">20170111</subfield><subfield code="h">234523</subfield></datafield></record></collection>